@article{lee2021strava,
  title={Strava Metro data for bicycle monitoring: a literature review},
  author={Lee, Kyuhyun and Sener, Ipek Nese},
  journal={Transport reviews},
  volume={41},
  number={1},
  pages={27--47},
  year={2021},
  publisher={Taylor \& Francis}
}

@article{bergman2016conflation,
  title={Conflation of OpenStreetMap and mobile sports tracking data for automatic bicycle routing},
  author={Bergman, Cecilia and Oksanen, Juha},
  journal={Transactions in GIS},
  volume={20},
  number={6},
  pages={848--868},
  year={2016},
  publisher={Wiley Online Library}
}

@article{kwayu2021characteristics,
  title={Characteristics of cyclists using fitness tracker apps and its implications for planning of bicycle transport systems},
  author={Kwayu, Keneth Morgan and Lyimo, Sia Macmillan and Kwigizile, Valerian},
  journal={Case Studies on Transport Policy},
  volume={9},
  number={3},
  pages={1160--1166},
  year={2021},
  publisher={Elsevier}
}


@article{dyck1976bicycling,
  title={Bicycling: A Review, A Pilot Study and Planning Implications},
  author={Dyck, Brian},
  journal={The Geographical Bulletin},
  volume={12},
  pages={32},
  year={1976},
  publisher={Gamma Theta Upsilon}
}

@article{connollyevolution,
  title={The evolution of the bicycle},
  author={Connolly, Joseph W}
}


@article{boulos2021mobile,
  title={Mobile physical activity planning and tracking: a brief overview of current options and desiderata for future solutions},
  author={Boulos, Maged N Kamel and Yang, Stephen P},
  journal={Mhealth},
  volume={7},
  year={2021},
  publisher={AME Publications}
}

@article{oke2015tracking,
  title={Tracking global bicycle ownership patterns},
  author={Oke, Olufolajimi and Bhalla, Kavi and Love, David C and Siddiqui, Sauleh},
  journal={Journal of Transport \& Health},
  volume={2},
  number={4},
  pages={490--501},
  year={2015},
  publisher={Elsevier}
}

@article{sanders2019intensity,
  title={Intensity and load characteristics of professional road cycling: differences between men’s and women’s races},
  author={Sanders, Dajo and van Erp, Teun and de Koning, Jos J},
  journal={International journal of sports physiology and performance},
  volume={14},
  number={3},
  pages={296--302},
  year={2019},
  publisher={Human Kinetics}
}

@article{van2019training,
  title={Training characteristics of male and female professional road cyclists: a 4-year retrospective analysis},
  author={Van Erp, Teun and Sanders, Dajo and De Koning, Jos J},
  journal={International journal of sports physiology and performance},
  volume={15},
  number={4},
  pages={534--540},
  year={2019},
  publisher={Human Kinetics}
}

@article{gidaris2019surveillance,
  title={Surveillance capitalism, datafication, and unwaged labour: the rise of wearable fitness devices and interactive life insurance},
  author={Gidaris, Constantine},
  journal={Surveillance \& Society},
  volume={17},
  number={1/2},
  pages={132--138},
  year={2019}
}
@incollection{lemos2019move,
  title={“Move and Be Healthy!”: Performative Sensibility and Body Experiences Mediated by Wearable Devices in Brazil},
  author={Lemos, Andr{\'e} and Bitencourt, Elias},
  booktitle={The Internet and Health in Brazil},
  pages={415--434},
  year={2019},
  publisher={Springer}
}

@article{greider1996telomeres,
  title={Telomeres, telomerase and cancer},
  author={Greider, Carol W and Blackburn, Elizabeth H},
  journal={Scientific American},
  volume={274},
  number={2},
  pages={92--97},
  year={1996},
  publisher={JSTOR}
}
@inproceedings{wu2016fitness,
  title={How fitness trackers facilitate health behavior change},
  author={Wu, Qinge and Sum, Kelli and Nathan-Roberts, Dan},
  booktitle={Proceedings of the Human Factors and Ergonomics Society Annual Meeting},
  volume={60},
  number={1},
  pages={1068--1072},
  year={2016},
  organization={SAGE Publications Sage CA: Los Angeles, CA}
}


@inproceedings{mayer2012third,
  title={Third-party web tracking: Policy and technology},
  author={Mayer, Jonathan R and Mitchell, John C},
  booktitle={2012 IEEE symposium on security and privacy},
  pages={413--427},
  year={2012},
  organization={IEEE}
}

@article{ritchie1999origins,
  title={The origins of bicycle racing in England: Technology, entertainment, sponsorship and advertising in the early history of the sport},
  author={Ritchie, Andrew},
  journal={Journal of Sport History},
  volume={26},
  number={3},
  pages={489--520},
  year={1999},
  publisher={JSTOR}
}